@inproceedings{garland1997surface,
  title={Surface simplification using quadric error metrics},
  author={Garland, Michael and Heckbert, Paul S},
  booktitle={Proceedings of the 24th annual conference on Computer graphics and interactive techniques},
  pages={209--216},
  year={1997},
  organization={ACM Press/Addison-Wesley Publishing Co.}
}
@inproceedings{hoppe1996progressive,
  title={Progressive meshes},
  author={Hoppe, Hugues},
  booktitle={Proceedings of the 23rd annual conference on Computer graphics and interactive techniques},
  pages={99--108},
  year={1996},
  organization={ACM}
}
@inproceedings{hoppe1993mesh,
  title={Mesh optimization},
  author={Hoppe, Hugues and DeRose, Tony and Duchamp, Tom and McDonald, John and Stuetzle, Werner},
  booktitle={Proceedings of the 20th annual conference on Computer graphics and interactive techniques},
  pages={19--26},
  year={1993},
  organization={ACM}
}
@book{leiserson2001introduction,
  title={Introduction to algorithms},
  author={Leiserson, Charles E and Rivest, Ronald L and Stein, Clifford and Cormen, Thomas H},
  year={2001},
  publisher={The MIT press}
}